@book{novikov2008,
  title={Дискретная математика для программистов},
  author={Новиков, Ф.А.},
  isbn={9785911807597},
  year={2008},
  location={СПб.},
  publisher={Питер},
  pages={384}
}

@book{petrovskiy2003,
  title={Пространства множеств и мультимножеств},
  author={Петровский, А.В.},
  isbn={9785354004867},
  lccn={2004393771},
  year={2003},
  location={М.},
  publisher={УРСС},
  pages={248}
}

@misc{cppreference,
  title={C++ reference},
  url={https://en.cppreference.com/w/cpp},
  urldate = {2022-10-18}
}

@book{cooke1990,
  title = {Компьютерная математика},
  isbn = {5020142166},
  location={М.},
  publisher = {Наука},
  author = {Кук, Д. and Бейз, Г.},
  year = {1990},
  pages={384}
}

@book{knuth2001,
  title = {Искусство программирования. Том 2. Получисленные алгоритмы},
  isbn = {5845900816},
  location={М.},
  publisher = {Вильямс},
  author = {Кнут, Д.Э.},
  year = {2001},
  pages={832}
}

@book{shaporev2006,
  title={Дискретная математика. Курс лекций и практических занятий},
  author={Шапорев, С.Д.},
  isbn={5941577036},
  year={2006},
  location={СПб.},
  publisher={БХВ-Петербург},
  pages={400}
}

@book{vadzinsky2001,
  title={Справочник по вероятностным распределениям},
  author={Вадзинский, Р.Н.},
  isbn={5O2024919X},
  year={2001},
  location={СПб.},
  publisher={Наука},
  pages={295}
}
